@inproceedings{szegedy2017inception,
  title={Inception-v4, inception-resnet and the impact of residual connections on learning.},
  author={Szegedy, Christian and Ioffe, Sergey and Vanhoucke, Vincent and Alemi, Alexander A},
  booktitle={AAAI},
  volume={4},
  pages={12},
  year={2017}
}

@article{real2018regularized,
  title={Regularized evolution for image classifier architecture search},
  author={Real, Esteban and Aggarwal, Alok and Huang, Yanping and Le, Quoc V},
  journal={arXiv preprint arXiv:1802.01548},
  year={2018}
}

@article{hu2017squeeze,
  title={Squeeze-and-excitation networks},
  author={Hu, Jie and Shen, Li and Sun, Gang},
  journal={arXiv preprint arXiv:1709.01507},
  volume={7},
  year={2017}
}

@article{howard2017mobilenets,
  title={Mobilenets: Efficient convolutional neural networks for mobile vision applications},
  author={Howard, Andrew G and Zhu, Menglong and Chen, Bo and Kalenichenko, Dmitry and Wang, Weijun and Weyand, Tobias and Andreetto, Marco and Adam, Hartwig},
  journal={arXiv preprint arXiv:1704.04861},
  year={2017}
}

@article{DBLP:journals/corr/ZhangZLS17,
  author    = {Xiangyu Zhang and
               Xinyu Zhou and
               Mengxiao Lin and
               Jian Sun},
  title     = {ShuffleNet: An Extremely Efficient Convolutional Neural Network for
               Mobile Devices},
  journal   = {CoRR},
  volume    = {abs/1707.01083},
  year      = {2017},
  url       = {http://arxiv.org/abs/1707.01083},
  archivePrefix = {arXiv},
  eprint    = {1707.01083},
  timestamp = {Mon, 13 Aug 2018 16:46:17 +0200},
  biburl    = {https://dblp.org/rec/bib/journals/corr/ZhangZLS17},
  bibsource = {dblp computer science bibliography, https://dblp.org}
}

@article{ashok2017n2n,
  title={N2N Learning: Network to Network Compression via Policy Gradient Reinforcement Learning},
  author={Ashok, Anubhav and Rhinehart, Nicholas and Beainy, Fares and Kitani, Kris M},
  journal={arXiv preprint arXiv:1709.06030},
  year={2017}
}

@inproceedings{lecun1990optimal,
  title={Optimal brain damage},
  author={LeCun, Yann and Denker, John S and Solla, Sara A},
  booktitle={Advances in neural information processing systems},
  pages={598--605},
  year={1990}
}

@article{srinivas2015data,
  title={Data-free parameter pruning for deep neural networks},
  author={Srinivas, Suraj and Babu, R Venkatesh},
  journal={arXiv preprint arXiv:1507.06149},
  year={2015}
}

@inproceedings{guo2016dynamic,
  title={Dynamic network surgery for efficient dnns},
  author={Guo, Yiwen and Yao, Anbang and Chen, Yurong},
  booktitle={Advances In Neural Information Processing Systems},
  pages={1379--1387},
  year={2016}
}

@article{anwar2017structured,
  title={Structured pruning of deep convolutional neural networks},
  author={Anwar, Sajid and Hwang, Kyuyeon and Sung, Wonyong},
  journal={ACM Journal on Emerging Technologies in Computing Systems (JETC)},
  volume={13},
  number={3},
  pages={32},
  year={2017},
  publisher={ACM}
}

@inproceedings{ba2014deep,
  title={Do deep nets really need to be deep?},
  author={Ba, Jimmy and Caruana, Rich},
  booktitle={Advances in neural information processing systems},
  pages={2654--2662},
  year={2014}
}

@article{hinton2015distilling,
  title={Distilling the knowledge in a neural network},
  author={Hinton, Geoffrey and Vinyals, Oriol and Dean, Jeff},
  journal={arXiv preprint arXiv:1503.02531},
  year={2015}
}

@article{romero2014fitnets,
  title={Fitnets: Hints for thin deep nets},
  author={Romero, Adriana and Ballas, Nicolas and Kahou, Samira Ebrahimi and Chassang, Antoine and Gatta, Carlo and Bengio, Yoshua},
  journal={arXiv preprint arXiv:1412.6550},
  year={2014}
}

@article{zoph2017learning,
  title={Learning transferable architectures for scalable image recognition},
  author={Zoph, Barret and Vasudevan, Vijay and Shlens, Jonathon and Le, Quoc V},
  journal={arXiv preprint arXiv:1707.07012},
  volume={2},
  number={6},
  year={2017},
  publisher={Technical Report}
}

@article{real2017large,
  title={Large-scale evolution of image classifiers},
  author={Real, Esteban and Moore, Sherry and Selle, Andrew and Saxena, Saurabh and Suematsu, Yutaka Leon and Tan, Jie and Le, Quoc and Kurakin, Alex},
  journal={arXiv preprint arXiv:1703.01041},
  year={2017}
}

@article{cheng2018searching,
  title={Searching Toward Pareto-Optimal Device-Aware Neural Architectures},
  author={Cheng, An-Chieh and Dong, Jin-Dong and Hsu, Chi-Hung and Chang, Shu-Huan and Sun, Min and Chang, Shih-Chieh and Pan, Jia-Yu and Chen, Yu-Ting and Wei, Wei and Juan, Da-Cheng},
  journal={arXiv preprint arXiv:1808.09830},
  year={2018}
}

@article{elsken2018multi,
  title={Multi-objective architecture search for cnns},
  author={Elsken, Thomas and Metzen, Jan Hendrik and Hutter, Frank},
  journal={arXiv preprint arXiv:1804.09081},
  year={2018}
}

@article{tan2018mnasnet,
  title={MnasNet: Platform-Aware Neural Architecture Search for Mobile},
  author={Tan, Mingxing and Chen, Bo and Pang, Ruoming and Vasudevan, Vijay and Le, Quoc V},
  journal={arXiv preprint arXiv:1807.11626},
  year={2018}
}

@article{iandola2016squeezenet,
  title={Squeezenet: Alexnet-level accuracy with 50x fewer parameters and< 0.5 mb model size},
  author={Iandola, Forrest N and Han, Song and Moskewicz, Matthew W and Ashraf, Khalid and Dally, William J and Keutzer, Kurt},
  journal={arXiv preprint arXiv:1602.07360},
  year={2016}
}

@article{molchanov2016pruning,
  title={Pruning convolutional neural networks for resource efficient transfer learning},
  author={Molchanov, Pavlo and Tyree, Stephen and Karras, Tero and Aila, Timo and Kautz, Jan},
  journal={arXiv preprint arXiv:1611.06440},
  year={2016}
}

@article{zoph2016neural,
  title={Neural architecture search with reinforcement learning},
  author={Zoph, Barret and Le, Quoc V},
  journal={arXiv preprint arXiv:1611.01578},
  year={2016}
}

@article{baker2016designing,
  title={Designing neural network architectures using reinforcement learning},
  author={Baker, Bowen and Gupta, Otkrist and Naik, Nikhil and Raskar, Ramesh},
  journal={arXiv preprint arXiv:1611.02167},
  year={2016}
}

@article{williams1992simple,
  title={Simple statistical gradient-following algorithms for connectionist reinforcement learning},
  author={Williams, Ronald J},
  journal={Machine learning},
  volume={8},
  number={3-4},
  pages={229--256},
  year={1992},
  publisher={Springer}
}

@article{simonyan2014very,
  title={Very deep convolutional networks for large-scale image recognition},
  author={Simonyan, Karen and Zisserman, Andrew},
  journal={arXiv preprint arXiv:1409.1556},
  year={2014}
}

@misc{he2015deep,
  title={Deep residual learning for image recognition. CoRR, vol. abs/1512.03385},
  author={He, K and Zhang, X and Ren, S and Sun, J},
  year={2015}
}